@article{2014我国餐厨废油资源化利用现状及展望,
  title={我国餐厨废油资源化利用现状及展望},
  author={王鹏照 and 刘熠斌 and 杨朝合},
  journal={化工进展},
  volume={33},
  number={4},
  pages={1022-1029},
  year={2014},
}
@article{马冰2015油脂催化转化为绿色燃料的技术进展,
  title={油脂催化转化为绿色燃料的技术进展},
  author={马冰 and 张晶晶 and 崔慧梅 and 何鸣元 and 赵晨},
  journal={中国科学:化学},
  volume={45},
  number={4},
  pages={350-360},
  year={2015},
  language={zh}
}
@article{生物质能源的研究综述,
  title={生物质能源的研究综述},
  author={席静 and 王静 and 梁斌},
  journal={山东化工},
  volume={48},
  number={2},
  pages={52-53},
  year={2019},
}
@article{闫昊2017基于结构导向集总的废弃油脂催化裂化分子尺度动力学模型,
  title={基于结构导向集总的废弃油脂催化裂化分子尺度动力学模型},
  author={闫昊 and 刘熠斌 and 冯翔 and 杨朝合 and 山红红},
  journal={化工学报},
  volume={68},
  number={4},
  pages={1407-1414},
  year={2017},
  language={zh}
}
@article{2006Investigation,
  title={Investigation of water adsorbed on HZSM-5:experiment and molecular simulation},
  journal={Computers \& Applied Chemistry},
  year={2006},
  author={Teng Jiawei and Xie Zaiku}
}
@article{刘丹2004分子模拟在分子筛催化研究中的应用,
  title={分子模拟在分子筛催化研究中的应用},
  author={刘丹 and 张晓彤 and 桂建舟 and 孙兆林},
  journal={石油化工高等学校学报},
  volume={17},
  number={3},
  pages={9-12},
  year={2004},
  language={zh}
}
@article{王艺峰2003高分子材料模拟中的分子力学法和力场,
  title={高分子材料模拟中的分子力学法和力场},
  author={王艺峰 and 程时远 and 王世敏 and 陈艳军},
  journal={高分子材料科学与工程},
  volume={19},
  number={1},
  pages={10-14},
  year={2003},
  language={zh}
}
@Book{分子模拟的理论与实践,
  title={分子模拟的理论与实践},
  language={zh},
  address={北京},
  author={陈正隆 and 徐为人 and 汤立达 },
  publisher={化学工业出版社},
  year={2007},
}
@Book{密度泛函理论,
  title={密度泛函理论},
  language={zh},
  address={北京},
  author={胡英 and 刘洪来 },
  publisher={科学出版社},
  year={2016},
}
@article{梁太宁2001分子力场,
  title={分子力场——COMPASS简介},
  author={梁太宁 and 杨小震},
  journal={化学通报},
  year={2001},
  number={1}
}
@article{分子模拟技术在石油相关领域的应用,
  title={分子模拟技术在石油相关领域的应用},
  author={ 曹斌 and 高金森 and 徐春明 },
  journal={化学进展},
  volume={16},
  number={2},
  pages={291-298},
  year={2004},
}
@article{分子模拟方法及模拟软件在高分子材料中的应用,
  title={分子模拟方法及模拟软件 Materials Studio 在高分子材料中的应用},
  author={ 庄昌清 and 岳红 and 张慧军 },
  journal={塑料},
  volume={39},
  number={4},
  pages={81-84},
  year={2010},
}
@phdthesis{烷烃分子在MCM-41中吸附和扩散的分子模拟,
  title={烷烃分子在 MCM-41 中吸附和扩散的分子模拟},
  author={ 陆磊刚},
  year={2015},
  school={浙江工业大学}
}
@article{沸石分子筛吸附和扩散：研究现状、存在问题和展望,
  title={沸石分子筛吸附和扩散：研究现状、存在问题和展望},
  author={ 朱伟东 and 钟依均 and 张富民},
  journal={浙江师范大学学报 (自然科学版)},
  volume={33},
  number={4},
  pages={369-376},
  year={2010},
}

@article{katikaneni_performance_1995,
	title = {Performance of {Aluminophosphate} {Molecular} {Sieve} {Catalysts} for the {Production} of {Hydrocarbons} from {Wood}-{Derived} and {Vegetable} {Oils}},
	volume = {9},
	issn = {0887-0624, 1520-5029},
	doi = {10.1021/ef00054a021},
	language = {en},
	number = {6},
	urldate = {2019-03-19},
	journal = {Energy \& Fuels},
	author = {Katikaneni, Sai P. R. and Adjaye, John D. and Bakhshi, Narendra N.},
	year = {1995},
	pages = {1065--1078},
}

@article{idem_catalytic_1997,
	title = {Catalytic conversion of canola oil to fuels and chemicals: roles of catalyst acidity, basicity and shape selectivity on product distribution},
	volume = {51},
	issn = {0378-3820},
	shorttitle = {Catalytic conversion of canola oil to fuels and chemicals},
	number = {1},
	urldate = {2019-03-21},
	journal = {Fuel Processing Technology},
	author = {Idem, Raphael O. and Katikaneni, Sai P. R. and Bakhshi, Narendra N.},
	year = {1997},
	pages = {101--125},
}

@article{biswas_effect_2014,
	title = {Effect of different catalysts on the cracking of {Jatropha} oil},
	volume = {110},
	issn = {0165-2370},
	doi = {10.1016/j.jaap.2014.10.001},
	urldate = {2019-03-22},
	journal = {Journal of Analytical and Applied Pyrolysis},
	author = {Biswas, Shelly and Sharma, D. K.},
	year = {2014},
	keywords = {Catalyst, Cracking, Jatropha oil, Liquid product},
	pages = {346--352},
}
@phdthesis {生物油与餐饮废油共催化裂化的实验研究,
  title={生物油与餐饮废油共催化裂化的实验研究},
  author={ 陈娇娇},
  school={天津大学},
  year={2012},
}
@article{dandik1998catalytic,
  title={Catalytic conversion of used oil to hydrocarbon fuels in a fractionating pyrolysis reactor},
  author={Dandik, Levent and Aksoy, H Ayse and Erdem-Senatalar, Ayse},
  journal={Energy \& Fuels},
  volume={12},
  number={6},
  pages={1148--1152},
  year={1998},
  publisher={ACS Publications}
}
@article{benson2008heterogeneous,
  title={Heterogeneous cracking of an unsaturated fatty acid and reaction intermediates on H+ ZSM-5 catalyst},
  author={Benson, Tracy J and Hernandez, Rafael and White, Mark G and French, W Todd and Alley, Earl E and Holmes, William E and Thompson, Bethany},
  journal={CLEAN--Soil Air Water},
  volume={36},
  number={8},
  pages={652--656},
  year={2008},
  publisher={Wiley Online Library}
}
@phdthesis {脂肪酸酯的催化裂化研究,
  title={脂肪酸酯的催化裂化研究},
  author={田华},
  school={中国石油大学(华东)},
  year={2008},
}
@article{twaiq2003liquid,
  title={Liquid hydrocarbon fuels from palm oil by catalytic cracking over aluminosilicate mesoporous catalysts with various Si/Al ratios},
  author={Twaiq, Farouq A and Mohamed, Abdul Rahman and Bhatia, Subhash},
  journal={Microporous and Mesoporous Materials},
  volume={64},
  number={1-3},
  pages={95--107},
  year={2003},
  publisher={Elsevier}
}
@article{不同碳链长度脂肪酸甲酯的催化裂化产物分布规律,
  title={不同碳链长度脂肪酸甲酯的催化裂化产物分布规律},
  author={蔡文静 and 闫昊 and 冯翔 and 刘熠斌 and 杨朝合},
  journal={化工学报},
  volume={5},
  year={2017},
}
@article{dupain2007cracking,
  title={Cracking of a rapeseed vegetable oil under realistic FCC conditions},
  author={Dupain, Xander and Costa, Daniel J and Schaverien, Colin J and Makkee, Michiel and Moulijn, Jacob A},
  journal={Applied Catalysis B: Environmental},
  volume={72},
  number={1-2},
  pages={44--61},
  year={2007},
  publisher={Elsevier}
}
@article{rao2012fluid,
  title={Fluid catalytic cracking: Processing opportunities for Fischer--Tropsch waxes and vegetable oils to produce transportation fuels and light olefins},
  author={Rao, TV Malleswara and Dupain, Xander and Makkee, Michiel},
  journal={Microporous and Mesoporous Materials},
  volume={164},
  pages={148--163},
  year={2012},
  publisher={Elsevier}
}
@article{melero2009production,
  title={Production of biofuels via the catalytic cracking of mixtures of crude vegetable oils and nonedible animal fats with vacuum gas oil},
  author={Melero, Juan A and Clavero, M Milagrosa and Calleja, Guillermo and García, Alicia and Miravalles, Rub{\'e}n and Galindo, Tamara},
  journal={Energy \& Fuels},
  volume={24},
  number={1},
  pages={707--717},
  year={2009},
  publisher={ACS Publications}
}
@article{丙烷在不同硅铝比的NanZSM-5型分子筛上的吸附性质的分子模拟,
  title={丙烷在不同硅铝比的NanZSM-5型分子筛上的吸附性质的分子模拟},
  author={姜恒 and 孙炜 and 王鹏},
  journal={云南化工},
  volume={6},
  number={1},
  pages={1-5},
  year={2011},
}
@article{güvenç2012adsorption,
  title={Adsorption of methyl tertiary butyl ether and trichloroethylene in MFI-type zeolites},
  author={Güvenç, Eren and Ahunbay, M Göktuğ},
  journal={The Journal of Physical Chemistry C},
  volume={116},
  number={41},
  pages={21836--21843},
  year={2012},
  publisher={ACS Publications}
}
@article{不同硅铝比ZSM-5的合成及其吸附脱除柴油中苯胺和吡啶的性能,
  title={不同硅铝比ZSM-5的合成及其吸附脱除柴油中苯胺和吡啶的性能},
  author={洪新 and 李云赫 and 高畅 and 范博 and 庞宇莹 and 张丹},
  journal={ 燃料化学学报},
  volume={46},
  number={10},
  pages={43-51},
  year={2018},
  language={zh}
}
@article{zhao2008investigation,
  title={Investigation on the mechanism of diffusion in mesopore structured ZSM-5 and improved heavy oil conversion},
  author={Zhao, Liang and Shen, Baojian and Gao, Jinsen and Xu, Chunming},
  journal={Journal of Catalysis},
  volume={258},
  number={1},
  pages={228--234},
  year={2008},
  publisher={Elsevier}
}
@article{liu2012adsorption,
  title={Adsorption, diffusion and catalysis of mesostructured zeolite HZSM-5},
  author={Liu, Zhiping and Fan, Weiming and Ma, Jinghong and Li, Ruifeng},
  journal={Adsorption},
  volume={18},
  number={5-6},
  pages={493--501},
  year={2012},
  publisher={Springer}
}
@article{Fcc干气在zsm-5分子筛中吸附的分子模拟及热力学分析,
  title={FCC干气在ZSM-5分子筛中吸附的分子模拟及热力学分析},
  author={丁雪 and 刘熠斌 and 杨朝合 and 山红红},
  journal={石油炼制与化工},
  volume={46},
  number={9},
  pages={58-64},
  year={2015},
  language={zh}
}
@phdthesis{生物柴油组分的润滑性能及其在铁表面吸附行为模拟探究,
  title={生物柴油组分的润滑性能及其在铁表面吸附行为模拟探究},
  author={罗演强},
  school={中国石油大学(华东)},
  year={2016},
}
@article{C-2-C-5直链烯烃在HY和H-ZSM-5分子筛上的吸附,
  title={C-2-C-5 直链烯烃在HY 和H-ZSM-5 分子筛上的吸附},
  author={郭玉华 and 蒲敏 and 陈标华},
  journal={物理化学学报},
  volume={26},
  number={9},
  pages={2503-2509},
  year={2010},
}
@article{甲基戊烷和正己烷在zsm-5上的吸附与扩散行为研究,
  title={甲基戊烷和正己烷在zsm-5上的吸附与扩散行为研究},
  author={田鹏 and 王焕 and 莫周胜 and 秦玉才 and 李强 and 宋丽娟},
  journal={石油化工高等学校学报},
  volume={31},
  number={3},
  pages={16-21},
  year={2018},
}
@article{C2-6烯烃在h-zsm-5分子筛周期性模型上吸附的理论研究,
  title={C2～C6烯烃在H-ZSM-5分子筛周期性模型上吸附的理论研究},
  author={王勇利 and 吴宝山 and 霍春芳 and 陶智超 and 李永旺},
  journal={燃料化学学报},
  number={8},
  year={2014},
  language={en}
}
@article{催化裂化干气组分在ZSM-5中的吸附模拟研究,
  title={催化裂化干气组分在ZSM-5 中的吸附模拟研究},
  author={谭雅文 and 丁雪},
  journal={广州化工},
  volume={45},
  number={22},
  pages={56-58},
  year={2017},
}
@article{de2003packing,
  title={Packing effects in the liquid-phase adsorption of C5-C22 n-alkanes on ZSM-5},
  author={De Meyer, Kurt MA and Chempath, Shaji and Denayer, Joeri FM and Martens, Johan A and Snurr, Randall Q and Baron, Gino V},
  journal={The Journal of Physical Chemistry B},
  volume={107},
  number={39},
  pages={10760--10766},
  year={2003},
  publisher={ACS Publications}
}
@phdthesis {几种气体在ZSM-5分子筛上吸附的模拟与实验研究,
  title={几种气体在ZSM-5 分子筛上吸附的模拟与实验研究},
  author={李健博},
  school={天津大学},
  year={2007},
}
@inproceedings{氮气、氩气、氧气在ZSM-5分子筛上吸附的分子模拟研究,
  title={氮气、氩气、氧气在ZSM-5分子筛上吸附的分子模拟研究},
  author={余英哲 and 陈俐吭 and 李健博 and 张敏华},
  booktitle={中国化工学会年会},
  year={2015},
  language={zh}
}
@article{christensen2003catalytic,
  title={Catalytic benzene alkylation over mesoporous zeolite single crystals: improving activity and selectivity with a new family of porous materials},
  author={Christensen, Christina Hviid and Johannsen, Kim and Schmidt, Iver and Christensen, Claus Hviid},
  journal={Journal of the American Chemical Society},
  volume={125},
  number={44},
  pages={13370--13371},
  year={2003},
  publisher={ACS Publications}
}
@article{meunier2012influence,
  title={Influence of crystal size and probe molecule on diffusion in hierarchical ZSM-5 zeolites prepared by desilication},
  author={Meunier, Frederic C and Verboekend, Danny and Gilson, Jean-Pierre and Groen, Johan C and P{\'e}rez-Ram{\'\i}rez, Javier},
  journal={Microporous and Mesoporous Materials},
  volume={148},
  number={1},
  pages={115--121},
  year={2012},
  publisher={Elsevier}
}
@article{正丁烷和丁烯-1在不同si/al比zsm-5分子筛上的吸附和扩散行为,
  title={正丁烷和丁烯-1在不同si/al比zsm-5分子筛上的吸附和扩散行为},
  author={王斐 and 汪文川 and 黄世萍 and 滕加伟 and 谢在库},
  journal={过程工程学报},
  volume={7},
  number={4},
  pages={661--667},
  year={2007},
}
@article{millot1999diffusion,
  title={Diffusion of isobutane in ZSM-5 zeolite: A comparison of quasi-elastic neutron scattering and supported membrane results},
  author={Millot, Beno{\^\i}t and M{\'e}thivier, Alain and Jobic, Herv{\'e} and Moueddeb, Hichem and B{\'e}e, Marc},
  journal={The Journal of Physical Chemistry B},
  volume={103},
  number={7},
  pages={1096--1101},
  year={1999},
  publisher={ACS Publications}
}
@article{bu2016diffusion,
  title={Diffusion of biomass pyrolysis products in H-ZSM-5 by molecular dynamics simulations},
  author={Bu, Lintao and Nimlos, Mark R and Robichaud, David J and Kim, Seonah},
  journal={The Journal of Physical Chemistry C},
  volume={121},
  number={1},
  pages={500--510},
  year={2016},
  publisher={ACS Publications}
}
@article{jobic2000diffusion,
  title={Diffusion of linear and branched alkanes in ZSM-5. A quasi-elastic neutron scattering study},
  author={Jobic, H},
  journal={Journal of Molecular Catalysis A: Chemical},
  volume={158},
  number={1},
  pages={135--142},
  year={2000},
  publisher={Elsevier}
}
@article{heink1992high,
  title={High-temperature pulsed field gradient nuclear magnetic resonance self-diffusion measurements of n-alkanes in MFl-type zeolites},
  author={Heink, Wilfried and K{\"a}rger, J{\"o}rg and Pfeifer, Harry and Datema, Klaas P and Nowak, Andreas K},
  journal={Journal of the Chemical Society, Faraday Transactions},
  volume={88},
  number={23},
  pages={3505--3509},
  year={1992},
  publisher={Royal Society of Chemistry}
}
@phdthesis{黄孟凯2013稠环芳烃在,
  title={稠环芳烃在Y分子筛中吸附和扩散的模拟研究},
  author={黄孟凯},
  school={华东理工大学},
  year={2013},
}
@article{沈晓洁1997沸石分子筛的发展及在石油化工中的应用,
  title={沸石分子筛的发展及在石油化工中的应用},
  author={沈晓洁},
  journal={辽宁化工},
  number={3},
  pages={139-140},
  year={1997},
}
@book{baerlocher2007atlas,
  title={Atlas of zeolite framework types},
  author={BAERLOCHER C and MCCUSKER L B and OLSON D H.},
  year={2007},
  publisher={Elsevier}
}
@phdthesis{2013H,
  title={H-ZSM-5催化芳烃甲基化反应机理的理论研究},
  school={大连理工大学},
  year={2013},
  author={李玲玲}
}
@article{吴焕领2006吸附等温线的介绍及应用,
  title={吸附等温线的介绍及应用},
  author={吴焕领 and 魏赛男 and 崔淑玲},
  journal={染整技术},
  volume={28},
  number={10},
  pages={12-14},
  year={2006},
}
@article{tezel1991effect,
  title={The effect of dehydration conditions on the adsorption and diffusion of propane and nitrogen in linde 5A zeolite},
  author={Tezel, HO and Ruthven, DM},
  journal={The Canadian Journal of Chemical Engineering},
  volume={69},
  number={1},
  pages={371--376},
  year={1991},
  publisher={Wiley Online Library}
}
@article{zhu2004concentration,
  title={Concentration-dependent diffusion of isobutane in silicalite-1 studied with the ZLC technique},
  author={Zhu, W and Malekian, A and Ei{\'c}, M and Kapteijn, F and Moulijn, JA},
  journal={Chemical Engineering Science},
  volume={59},
  number={18},
  pages={3827--3835},
  year={2004},
  publisher={Elsevier}
}
@article{卢洪2000炭分子筛上氧、氮吸附特性的实验测定,
  title={炭分子筛上氧、氮吸附特性的实验测定},
  author={卢洪 and 李成岳},
  journal={高校化学工程学报},
  volume={14},
  number={2},
  pages={170-173},
  year={2000},
}
@article{陈玉平2007烷烃在分子筛孔中吸附和扩散的分子模拟,
  title={烷烃在分子筛孔中吸附和扩散的分子模拟},
  author={陈玉平 and 吕玲红 and 陆小华},
  journal={计算机与应用化学},
  volume={24},
  number={7},
  pages={867-871},
  year={2007},
}
@article{袁帅2011芳烃、环烷烃分子在,
  title={芳烃、环烷烃分子在MFI和FAU分子筛中扩散行为的分子模拟},
  author={袁帅 and 龙军 and 周涵 and 田辉平 and 赵毅},
  journal={石油学报(石油加工)},
  volume={27},
  number={4},
  pages={508-515},
  year={2011},
  language={zh}
}
@article{杨超2006甲苯歧化反应物与产物在,
  title={甲苯歧化反应物与产物在ZSM系分子筛孔道中扩散特性的分子模拟},
  author={杨超 and 赵天波 and 周涵},
  journal={石油学报(石油加工)},
  volume={22},
  number={6},
  pages={14-19},
  year={2006},
}
@article{bu2018diffusion,
  title={Diffusion of aromatic hydrocarbons in hierarchical mesoporous H-ZSM-5 zeolite},
  author={Bu, Lintao and Nimlos, Mark R and Robichaud, David J and Kim, Seonah},
  journal={Catalysis Today},
  volume={312},
  number={1},
  pages={73-81},
  year={2018},
  publisher={Elsevier}
}
@article{danuthai2009conversion,
  title={Conversion of methylesters to hydrocarbons over an H-ZSM5 zeolite catalyst},
  author={Danuthai and Tanate and Jongpatiwut and Siriporn and Rirksomboon and Thirasak and Osuwan and Somchai and Resasco, Daniel E},
  journal={Applied Catalysis A: General},
  volume={361},
  number={1-2},
  pages={99--105},
  year={2009},
  publisher={Elsevier}
}
@article{zheng2014influence,
  title={Influence of framework protons on the adsorption sites of the benzene/HY system},
  author={Zheng, Huimin and Zhao, Liang and Yang, Qing and Gao, Jinsen and Shen, Baojian and Xu, Chunming},
  journal={Industrial \& Engineering Chemistry Research},
  volume={53},
  number={35},
  pages={13610--13617},
  year={2014},
  publisher={ACS Publications}
}
@article{zheng2016molecular,
  title={Molecular origin of decreased diffusivity with loading for benzene/HY},
  author={Zheng, Huimin and Zhao, Liang and Ji, Jingjing and Yang, Qing and Huang, Haokai and Gao, Jinsen},
  journal={AIChE Journal},
  volume={62},
  number={8},
  pages={2778--2785},
  year={2016},
  publisher={Wiley Online Library}
}

@article{zhao2006new,
  title={A new local density functional for main-group thermochemistry, transition metal bonding, thermochemical kinetics, and noncovalent interactions},
  author={Zhao and Yan and Truhlar and Donald G},
  journal={The Journal of Chemical Physics},
  volume={125},
  number={19},
  pages={194101-0},
  year={2006},
  publisher={AIP}
}
@article{zhao2011applications,
  title={Applications and validations of the Minnesota density functionals},
  author={Zhao, Yan and Truhlar, Donald G},
  journal={Chemical Physics Letters},
  volume={502},
  number={1-3},
  pages={1--13},
  year={2011},
  publisher={Elsevier}
}
@Book{分子模拟与高分子材料,
  title={分子模拟与高分子材料},
  language={zh},
  address={北京},
  author={杨小震},
  publisher={科学出版社},
  year={2002},
}
@article{Sun2016COMPASS,
  title={COMPASS II: extended coverage for polymer and drug-like molecule databases},
  author={Sun, Huai and Jin, Zhao and Yang, Chunwei and Akkermans, Reinier L. C. and Robertson, Struan H. and Spenley, Neil A. and Miller, Simon and Todd, Stephen M.},
  journal={Journal of Molecular Modeling},
  volume={22},
  number={2},
  pages={47},
  year={2016},
}

@article{philippaerts2010selectivity,
  title={Selectivity in sorption and hydrogenation of methyl oleate and elaidate on MFI zeolites},
  author={Philippaerts, An and Paulussen, Sabine and Turner, Stuart and Lebedev, Oleg I and Van Tendeloo, Gustaaf and Poelman, Hilde and Bulut, Metin and De Clippel, Filip and Smeets, Pieter and Sels, Bert and others},
  journal={Journal of Catalysis},
  volume={270},
  number={1},
  pages={172--184},
  year={2010},
  publisher={Elsevier}
}
@article{yang1986use,
  title={The use of global and local molecular parameters for the analysis of the gas-phase basicity of amines},
  author={Yang, Weitao and Mortier, Wilfried J},
  journal={Journal of the American Chemical Society},
  volume={108},
  number={19},
  pages={5708--5711},
  year={1986},
  publisher={ACS Publications}
}
@article{翟冬2011C4,
  title={C4烃在FAU、BEA、LTL型分子筛中吸附的蒙特卡罗研究},
  author={翟冬 and 赵亮 and 潘惠芳 and 赵震 and 段爱军 and 高金森 and 陈玉},
  journal={物理化学学报},
  volume={27},
  number={6},
  pages={1400-1406},
  year={2011},
  language={zh}
}
@phdthesis{2017介孔材料吸附气相多环芳烃实验及分子模拟研究,
  title={介孔材料吸附气相多环芳烃实验及分子模拟研究},
  year={2017},
  author={李子宜},
  school={北京科技大学}
}
@article{赵振华1985石油化工的新型催化剂——,
  title={石油化工的新型催化剂——ZSM-5沸石分子筛 ZSM-5沸石的组成、结构、性能及其催化应用},
  author={赵振华},
  journal={精细化工中间体},
  number={3},
  pages={31-35},
  year={1985},
}
@article{van1998chain,
  title={Chain length effects of linear alkanes in zeolite ferrierite. 2. Molecular simulations},
  author={van Well, Willy JM and Cottin, Xavier and Smit, Berend and van Hooff, Jan HC and van Santen, Rutger A},
  journal={The Journal of Physical Chemistry B},
  volume={102},
  number={20},
  pages={3952--3958},
  year={1998},
  publisher={ACS Publications}
}
@book{1991Zeolite,
  title={Zeolite chemistry and catalysis},
  year={1991},
  author={Peter A. Jacobs and L. Kubelkova and B. Wichterlova and N. I. Jaeger}
}
@book{1999中国土木建筑百科辞典,
  title={中国土木建筑百科辞典:建筑},
  year={1999},
  author={李国豪}
}
@phdthesis{2014半无限大体广义电磁热弹扩散问题的动态响应,
  title={半无限大体广义电磁热弹扩散问题的动态响应},
  school={兰州理工大学},
  year={2014},
  author={李晨琳}
}
